<?xml version="1.0" encoding="UTF-8"?><record xmlns="http://www.loc.gov/MARC21/slim" xmlns:cinclude="http://apache.org/cocoon/include/1.0" xmlns:zs="http://www.loc.gov/zing/srw/">
  <leader>00419nz  a2200133n  4500</leader>
  <controlfield tag="001">n  91120974 </controlfield>
  <controlfield tag="003">DLC</controlfield>
  <controlfield tag="005">19920103110002.2</controlfield>
  <controlfield tag="008">911127n| acannaab|          |n aaa |||  </controlfield>
  <datafield tag="010" ind1=" " ind2=" ">
    <subfield code="a">n  91120974 </subfield>
  </datafield>
  <datafield tag="040" ind1=" " ind2=" ">
    <subfield code="a">DLC</subfield>
    <subfield code="c">DLC</subfield>
  </datafield>
  <datafield tag="100" ind1="1" ind2="0">
    <subfield code="a">Shuck, J. A.</subfield>
  </datafield>
  <datafield tag="670" ind1=" " ind2=" ">
    <subfield code="a">P&amp;P data from LOT 12897 for Portraits of tribal chiefs, a warrior, and a family [graphic] c1903, c1906:</subfield>
    <subfield code="b">photos (J.A. Shuck)</subfield>
  </datafield>
  <datafield tag="675" ind1=" " ind2=" ">
    <subfield code="a">Index Am. phot. colls., 1990.</subfield>
  </datafield>
</record>